<record><leader>00000cas a2200000 a 4500</leader><controlfield tag="001">34877588</controlfield><controlfield tag="008">960605c19379999oruwr ne      0   a0eng c</controlfield><datafield ind1=" " ind2=" " tag="010"><subfield code="a">sn 96088284 </subfield></datafield><datafield ind1=" " ind2=" " tag="040"><subfield code="a">SOS</subfield><subfield code="b">eng</subfield><subfield code="c">SOS</subfield><subfield code="d">OCN</subfield><subfield code="d">OCLCQ</subfield><subfield code="d">OCLCF</subfield><subfield code="d">OCLCO</subfield></datafield><datafield ind1="1" ind2=" " tag="029"><subfield code="a">AU@</subfield><subfield code="b">000013408251</subfield></datafield><datafield ind1=" " ind2=" " tag="042"><subfield code="a">pcc</subfield></datafield><datafield ind1=" " ind2=" " tag="043"><subfield code="a">n-us-or</subfield></datafield><datafield ind1="0" ind2="0" tag="245"><subfield code="a">Illinois Valley news.</subfield></datafield><datafield ind1=" " ind2=" " tag="260"><subfield code="a">Cave City, Or. :</subfield><subfield code="b">Illinois Valley Pub. Co.,</subfield><subfield code="c">1937-</subfield></datafield><datafield ind1=" " ind2=" " tag="300"><subfield code="a">v.</subfield></datafield><datafield ind1=" " ind2=" " tag="310"><subfield code="a">Weekly</subfield></datafield><datafield ind1="0" ind2=" " tag="362"><subfield code="a">Vol. 1, no. 1 (May 13, 1937)-</subfield></datafield><datafield ind1=" " ind2=" " tag="588"><subfield code="a">Latest issue consulted: Vol. 58, no. 9 (May 31, 1995).</subfield></datafield><datafield ind1=" " ind2="0" tag="651"><subfield code="a">Cave Junction (Or.)</subfield><subfield code="v">Newspapers.</subfield></datafield><datafield ind1=" " ind2="7" tag="655"><subfield code="a">Newspapers.</subfield><subfield code="2">fast</subfield><subfield code="0">(OCoLC)fst01423814</subfield></datafield><datafield ind1=" " ind2="7" tag="651"><subfield code="a">Oregon</subfield><subfield code="z">Cave Junction.</subfield><subfield code="2">fast</subfield><subfield code="0">(OCoLC)fst01253115</subfield></datafield><datafield ind1=" " ind2=" " tag="752"><subfield code="a">United States</subfield><subfield code="b">Oregon</subfield><subfield code="c">Josephine</subfield><subfield code="d">Cave Junction.</subfield></datafield><datafield ind1="0" ind2="5" tag="780"><subfield code="t">Bulletin (Grants Pass, Or. : 1964)</subfield><subfield code="w">(DLC)sn 96088279</subfield></datafield></record>